@article{biojcf,
	title     = {Biografía de Carlos Juan Finlay},
	url       = {https://www.biografiasyvidas.com/biografia/f/finlay.htm},
	language  = {es},
	urldate   = {2022-05-31},
	journal   = {Biografías y Vidas. La enciclopedia biográfica en línea},
	author    = {Fernández, Tomás and Tamaro, Elena},
	year      = {2004},
}
