@inbook{Lot68,
	author    = {Luis M. Botello},
	title     = {Homenaje a Manuel María Valdés},
	booktitle = {Revista Cultural Lotería},
	year      = {1968},
	month     = {2},
	publisher = {Lotería Nacional de Beneficencia},
	address   = {Panamá},
	pages     = {5-7},
}

@book{Pinock95,
	author    = {Roberto Pinock},
	title     = {Estilos de desarrollo y evolución de la seguridad social (1941-1989)},
	year      = {1995},
	publisher = {IPEL},
	address   = {Panamá},
}

@book{Leonard15,
	author    = {Thomas M. Leonard},
	title     = {Historical Dictionary of Panama},
	year      = {2015},
	publisher = {Rowman \& Littlefield},
	address   = {Estados Unidos de América},
	pages     = {287},
}

@article{brundel_atrial_2022,
	title     = {Atrial fibrillation},
	volume    = {8},
	copyright = {2022 Springer Nature Limited},
	issn      = {2056-676X},
	url       = {https://www.nature.com/articles/s41572-022-00347-9},
	doi       = {10.1038/s41572-022-00347-9},
	language  = {en},
	number    = {1},
	urldate   = {2022-05-31},
	journal   = {Nature Reviews Disease Primers},
	author    = {Brundel, Bianca J. J. M. and Ai, Xun and Hills, Mellanie True and Kuipers, Myrthe F. and Lip, Gregory Y. H. and {de Groot}, Natasja M. S.},
	month     = {4},
	year      = {2022},
	keywords  = {Atrial fibrillation, Mechanisms of disease},
	pages     = {1--23},
}

@article{gaceta1941,
	title     = {Ley 23 de 21 de marzo de 1941},
	volume    = {8481},
	journal   = {Gaceta Oficial},
	author    = {{Poder Ejecutivo Nacional}},
	month     = {3},
	year      = {1941},
	pages     = {1--5},
}

@article{pezzullo2016,
	title     = {La carga económica de las condiciones cardíacas en Panamá},
	copyright = {Derechos de autor 2018 Revista Médica de Panamá - ISSN 2412-642X},
	issn      = {2412-642X},
	url       = {https://www.revistamedica.org/index.php/rmdp/article/view/438},
	doi       = {10.37980/im.journal.rmdp.2016438},
	language  = {es},
	urldate   = {2022-05-31},
	journal   = {Revista Médica de Panamá - ISSN 2412-642X},
	author    = {Pezzullo, Stevens Bryce and Lynne and Verdian, Lara and Tomllinson, Josh and Estrada, Claudia Aguilar and George, Alice and Gonzalez, Baldomero},
	year      = {2016},
	volume    = {36},
	number    = {3},
	pages     = {3--9},
}

@article{guiaesc_2021,
	title = {Guía ESC 2020 sobre el diagnóstico y tratamiento de la fibrilación auricular, desarrollada en colaboración de la EACTS},
	volume = {74},
	issn = {0300-8932},
	url = {http://www.revespcardiol.org/es-guia-esc-2020-sobre-el-articulo-S0300893220306953},
	doi = {10.1016/j.recesp.2020.10.022},
	language = {es},
	number = {5},
	journal = {Revista Española de Cardiología},
	author = {Hindricks, Gerhard and Potpara, Tatjana and Dagres, Nikolaos and Arbelo, Elena and Bax, Jeroen J. and Blomström-Lundqvist, Carina and Boriani, Giuseppe and Castella, Manuel and Dan, Gheorghe-Andrei and Dilaveris, Polychronis E. and Fauchier, Laurent and Filippatos, Gerasimos and Kalman, Jonathan M. and Meir, Mark La and Lane, Deirdre A. and Lebeau, Jean-Pierre and Lettino, Maddalena and Lip, Gregory Y. H. and Pinto, Fausto J. and Neil Thomas, G. and Valgimigli, Marco and Van Gelder, Isabelle C. and Van Putte, Bart P. and Watkins, Caroline L.},
	month = {5},
	year = {2021},
	note = {Publisher: Elsevier},
	pages = {437.e1--437.e116},
}

@article{panamerica10,
	title     = {Pilar en una familia de destacados juristas},
	journal   = {{Panamá América}},
	author    = {{Redacción Día D}},
	month     = {9},
	year      = {2010-09-11},
	day       = {11},
}

@article{mairesse2017,
	title = {Screening for atrial fibrillation: a {EHRA} consensus document endorsed by the {HRS}, {APHRS}, and {SOLAECE}},
	volume = {19},
	issn = {1099-5129},
	url = {https://doi.org/10.1093/europace/eux177},
	doi = {10.1093/europace/eux177},
	number = {10},
	urldate = {2022-01-06},
	journal = {EP Europace},
	author = {Mairesse, Georges H and Moran, Patrick and Van Gelder, Isabelle C and Elsner, Christian and Rosenqvist, Marten and Mant, Jonathan and Banerjee, Amitava and Gorenek, Bulent and Brachmann, Johannes and Varma, Niraj and Glotz de Lima, Gustavo and Kalman, Jonathan and Claes, Neree and Lobban, Trudie and Lane, Deirdre and Lip, Gregory Y H and Boriani, Giuseppe and {ESC Scientific Document Group}},
	month = {10},
	year = {2017},
	pages = {1589--1623},
}

@article{lip_abc_2017,
	title = {The ABC pathway: an integrated approach to improve AF management},
	volume = {14},
	copyright = {2017 Nature Publishing Group, a division of Macmillan Publishers Limited. All Rights Reserved.},
	issn = {1759-5010},
	shorttitle = {The ABC pathway},
	url = {https://www.nature.com/articles/nrcardio.2017.153},
	doi = {10.1038/nrcardio.2017.153},
	abstract = {The Atrial fibrillation Better Care (ABC) pathway for integrated management provides a simple strategy (Avoid stroke, Better symptom management, and Cardiovascular and comorbidity risk reduction) that helps to improve awareness and detection, and reminds clinicians of the simple decision-making steps for management of patients with atrial fibrillation in a holistic approach.},
	language = {en},
	number = {11},
	urldate = {2022-06-01},
	journal = {Nature Reviews Cardiology},
	author = {Lip, Gregory Y. H.},
	month = {11},
	year = {2017},
	pages = {627--628},
}

@article{aha2020,
	author = {Ashish R. Panchal  and Jason A. Bartos  and José G. Cabañas  and Michael W. Donnino  and Ian R. Drennan  and Karen G. Hirsch  and Peter J. Kudenchuk  and Michael C. Kurz  and Eric J. Lavonas  and Peter T. Morley  and Brian J. O’Neil  and Mary Ann Peberdy  and Jon C. Rittenberger  and Amber J. Rodriguez  and Kelly N. Sawyer  and Katherine M. Berg  and Julie Arafeh  and Justin L. Benoit  and Maureen Chase  and Antonio Fernandez  and Edison Ferreira de Paiva  and Bryan L. Fischberg  and Gustavo E. Flores  and Peter Fromm  and Raul Gazmuri  and Blayke Courtney Gibson  and Theresa Hoadley  and Cindy H. Hsu  and Mahmoud Issa  and Adam Kessler  and Mark S. Link  and David J. Magid  and Keith Marrill  and Tonia Nicholson  and Joseph P. Ornato  and Garrett Pacheco  and Michael Parr  and Rahul Pawar  and James Jaxton  and Sarah M. Perman  and James Pribble  and Derek Robinett  and Daniel Rolston  and Comilla Sasson  and Sree Veena Satyapriya  and Travis Sharkey  and Jasmeet Soar  and Deb Torman  and Benjamin Von Schweinitz  and Anezi Uzendu  and Carolyn M. Zelop  and David J. Magid },
	title = {Part 3: Adult Basic and Advanced Life Support: 2020 American Heart Association Guidelines for Cardiopulmonary Resuscitation and Emergency Cardiovascular Care},
	journal = {Circulation},
	volume = {142},
	number = {16\_suppl\_2},
	pages = {S366--S468},
	year = {2020},
	doi = {10.1161/CIR.0000000000000916},
}

@article{maxdefib19,
	author = {Schmidt, Anders S and Lauridsen, Kasper G and Torp, Peter and Bach, Leif F and Rickers, Hans and Løfgren, Bo},
	title = "{Maximum-fixed energy shocks for cardioverting atrial fibrillation}",
	journal = {European Heart Journal},
	volume = {41},
	number = {5},
	pages = {626-631},
	year = {2019},
	month = {08},
	issn = {0195-668X},
	doi = {10.1093/eurheartj/ehz585},
}

@article{ecoamb19,
	author = {Craig T. January  and L. Samuel Wann  and Hugh Calkins  and Lin Y. Chen  and Joaquin E. Cigarroa  and Joseph C. Cleveland  and Patrick T. Ellinor  and Michael D. Ezekowitz  and Michael E. Field  and Karen L. Furie  and Paul A. Heidenreich  and Katherine T. Murray  and Julie B. Shea  and Cynthia M. Tracy  and Clyde W. Yancy },
	title = {2019 AHA/ACC/HRS Focused Update of the 2014 AHA/ACC/HRS Guideline for the Management of Patients With Atrial Fibrillation: A Report of the American College of Cardiology/American Heart Association Task Force on Clinical Practice Guidelines and the Heart Rhythm Society in Collaboration With the Society of Thoracic Surgeons},
	journal = {Circulation},
	volume = {140},
	number = {2},
	pages = {e125-e151},
	year = {2019},
	doi = {10.1161/CIR.0000000000000665}
}

@article{eco13,
	title = {Thromboembolic Complications After Cardioversion of Acute Atrial Fibrillation: The FinCV (Finnish CardioVersion) Study},
	volume = {62},
	issn = {0735-1097},
	doi = {10.1016/j.jacc.2013.04.089},
	number = {13},
	journal = {Journal of the American College of Cardiology},
	author = {Airaksinen, K. E. Juhani and Grönberg, Toni and Nuotio, Ilpo and Nikkinen, Marko and Ylitalo, Antti and Biancari, Fausto and Hartikainen, Juha E. K.},
	year = {2013},
	keywords = {anticoagulation, atrial fibrillation, cardioversion, stroke, thromboembolism},
	pages = {1187--1192},
}

@article{lee2011,
	title = {Low-dose diltiazem in atrial fibrillation with rapid ventricular response},
	volume = {29},
	issn = {0735-6757},
	doi = {10.1016/j.ajem.2010.03.021},
	number = {8},
	journal = {The American Journal of Emergency Medicine},
	author = {Lee, Jungyoup and Kim, Kyuseok and Lee, Christopher C. and Nam, Yeoun Woo and Lee, Jin Hee and Rhee, Joong Eui and Singer, Adam J. and Kim, Kyung Su and Ro, Youngsun},
	year = {2011},
	pages = {849--854},
}

@article{comorbfa,
	title = {Emergency Department Patients With Atrial Fibrillation or Flutter and an Acute Underlying Medical Illness May Not Benefit From Attempts to Control Rate or Rhythm},
	author = {Scheuermeyer, Frank X. and Pourvali, Reza and Rowe, Brian H. and Grafstein, Eric and Heslop, Claire and MacPhee, Jan and McGrath, Lorraine and Ward, John and Heilbron, Brett and Christenson, Jim},
	journal = {Annals of Emergency Medicine},
	volume = {65},
	number = {5},
	pages = {511 - 522.e2},
}

@article{AFFIRM,
  title = {A Comparison of Rate Control and Rhythm Control in Patients with Atrial Fibrillation},
  journal = {New England Journal of Medicine},
  volume = {347},
  number = {23},
  pages = {1825-1833},
  year = {2002},
  doi = {10.1056/NEJMoa021328},
  note ={PMID: 12466506},
}

@article{RACE,
  author = {Van Gelder, Isabelle C. and Hagens, Vincent E. and Bosker, Hans A. and Kingma, J. Herre and Kamp, Otto and Kingma, Tsjerk and Said, Salah A. and Darmanata, Julius I. and Timmermans, Alphons J.M. and Tijssen, Jan G.P. and Crijns, Harry J.G.M.},
  title = {A Comparison of Rate Control and Rhythm Control in Patients with Recurrent Persistent Atrial Fibrillation},
  journal = {New England Journal of Medicine},
  volume = {347},
  number = {23},
  pages = {1834-1840},
  year = {2002},
  doi = {10.1056/NEJMoa021375},
  note ={PMID: 12466507},
}

@article{malya,
  author = {Malya, Rohith and Ganti, Latha},
  title = {Is Rhythm Control Better Than Rate Control for New-Onset Atrial Fibrillation in the Emergency Department?},
  journal = {Annals of Emergency Medicine},
  volume = {65},
  number = {5},
  pages = {540 - 542.e2},
}

@article{HERMESAF,
author = {Martín, Alfonso and Coll-Vinent, Blanca and Suero, Coral and Fernández-Simón, Amparo and Sánchez, Juan and Varona, Mercedes and Cancio, Manuel and Sánchez, Susana and Carbajosa, José and Malagón, Francisco and Montull, Eugeni and del Arco, Carmen and on behalf of the HERMES-AF investigators},
title = {Benefits of Rhythm Control and Rate Control in Recent-onset Atrial Fibrillation: The HERMES-AF Study},
journal = {Academic Emergency Medicine},
volume = {26},
number = {9},
pages = {1034-1043},
doi = {https://doi.org/10.1111/acem.13703},
year = {2019}
}
