@inbook{Lot68,
	author    = {Luis M. Botello},
	title     = {Homenaje a Manuel María Valdés},
	booktitle = {Revista Cultural Lotería},
	year      = {1968},
	month     = {2},
	publisher = {Lotería Nacional de Beneficencia},
	address   = {Panamá},
	pages     = {5-7},
}

@book{Pinock95,
	author    = {Roberto Pinock},
	title     = {Estilos de desarrollo y evolución de la seguridad social (1941-1989)},
	year      = {1995},
	publisher = {IPEL},
	address   = {Panamá},
}

@book{Leonard15,
	author    = {Thomas M. Leonard},
	title     = {Historical Dictionary of Panama},
	year      = {2015},
	publisher = {Rowman \& Littlefield},
	address   = {Estados Unidos de América},
	pages     = {287},
}

@article{brundel_atrial_2022,
	title     = {Atrial fibrillation},
	volume    = {8},
	copyright = {2022 Springer Nature Limited},
	issn      = {2056-676X},
	url       = {https://www.nature.com/articles/s41572-022-00347-9},
	doi       = {10.1038/s41572-022-00347-9},
	language  = {en},
	number    = {1},
	urldate   = {2022-05-31},
	journal   = {Nature Reviews Disease Primers},
	author    = {Brundel, Bianca J. J. M. and Ai, Xun and Hills, Mellanie True and Kuipers, Myrthe F. and Lip, Gregory Y. H. and {de Groot}, Natasja M. S.},
	month     = {4},
	year      = {2022},
	keywords  = {Atrial fibrillation, Mechanisms of disease},
	pages     = {1--23},
}

@article{gaceta1941,
	title     = {Ley 23 de 21 de marzo de 1941},
	volume    = {8481},
	journal   = {Gaceta Oficial},
	author    = {{Poder Ejecutivo Nacional}},
	month     = {3},
	year      = {1941},
	pages     = {1--5},
}

@article{pezzullo2016,
	title     = {La carga económica de las condiciones cardíacas en Panamá},
	copyright = {Derechos de autor 2018 Revista Médica de Panamá - ISSN 2412-642X},
	issn      = {2412-642X},
	url       = {https://www.revistamedica.org/index.php/rmdp/article/view/438},
	doi       = {10.37980/im.journal.rmdp.2016438},
	language  = {es},
	urldate   = {2022-05-31},
	journal   = {Revista Médica de Panamá - ISSN 2412-642X},
	author    = {Pezzullo, Stevens Bryce and Lynne and Verdian, Lara and Tomllinson, Josh and Estrada, Claudia Aguilar and George, Alice and Gonzalez, Baldomero},
	year      = {2016},
	volume    = {36},
	number    = {3},
	pages     = {3--9},
}

@article{guiaesc_2021,
	title = {Guía ESC 2020 sobre el diagnóstico y tratamiento de la fibrilación auricular, desarrollada en colaboración de la European Association of Cardio-Thoracic Surgery (EACTS)},
	volume = {74},
	issn = {0300-8932},
	url = {http://www.revespcardiol.org/es-guia-esc-2020-sobre-el-articulo-S0300893220306953},
	doi = {10.1016/j.recesp.2020.10.022},
	language = {es},
	number = {5},
	journal = {Revista Española de Cardiología},
	author = {Hindricks, Gerhard and Potpara, Tatjana and Dagres, Nikolaos and Arbelo, Elena and Bax, Jeroen J. and Blomström-Lundqvist, Carina and Boriani, Giuseppe and Castella, Manuel and Dan, Gheorghe-Andrei and Dilaveris, Polychronis E. and Fauchier, Laurent and Filippatos, Gerasimos and Kalman, Jonathan M. and Meir, Mark La and Lane, Deirdre A. and Lebeau, Jean-Pierre and Lettino, Maddalena and Lip, Gregory Y. H. and Pinto, Fausto J. and Neil Thomas, G. and Valgimigli, Marco and Van Gelder, Isabelle C. and Van Putte, Bart P. and Watkins, Caroline L.},
	month = {5},
	year = {2021},
	note = {Publisher: Elsevier},
	pages = {437.e1--437.e116},
}

@article{panamerica10,
	title     = {Pilar en una familia de destacados juristas},
	journal   = {{Panamá América}},
	author    = {{Redacción Día D}},
	month     = {9},
	year      = {2010-09-11},
	day       = {11},
}
